@inproceedings{ballabriga2019static,
  title={Static Analysis Of Binary Code With Memory Indirections Using Polyhedra},
  author={Ballabriga, Cl{\'e}ment and Forget, Julien and Gonnord, Laure and Lipari, Giuseppe and Ruiz, Jordy},
  booktitle={International Conference on Verification, Model Checking, and Abstract Interpretation},
  pages={114--135},
  year={2019},
  organization={Springer}
}
