@inproceedings{ruiz2017working,
  title={Working Around Loops for Infeasible Path Detection in Binary Programs},
  author={Ruiz, Jordy and Cass{\'e}, Hugues and de Michiel, Marianne},
  booktitle={Source Code Analysis and Manipulation (SCAM), 2017 IEEE 17th International Working Conference on},
  pages={1--10},
  year={2017},
  organization={IEEE}
}
